@Misc{ryantibshiraniQuantileStacking2020,
  title = {Quantile {{Stacking}}},
  author = {{Ryan Tibshirani}},
  year = {2020},
  file = {/mnt/data/Google Drive/Zotero/storage/LYC38F6E/stacking_example.html},
  howpublished = {https://ryantibs.github.io/quantgen/stacking\_example.html},
}
