@Manual{R-base,
  title = {R: A Language and Environment for Statistical Computing},
  author = {{R Core Team}},
  organization = {R Foundation for Statistical Computing},
  address = {Vienna, Austria},
  year = {2020},
  url = {https://www.R-project.org/},
}

@Manual{R-bookdown,
  title = {bookdown: Authoring Books and Technical Documents with R Markdown},
  author = {Yihui Xie},
  year = {2020},
  note = {R package version 0.20},
  url = {https://CRAN.R-project.org/package=bookdown},
}

@Manual{R-data.table,
  title = {data.table: Extension of `data.frame`},
  author = {Matt Dowle and Arun Srinivasan},
  year = {2019},
  note = {R package version 1.12.8},
  url = {https://CRAN.R-project.org/package=data.table},
}

@Manual{R-EpiNow,
  title = {EpiNow: Estimate Realtime Case Counts and Time-varying Epidemiological
Parameters},
  author = {{Sam Abbott} and Joel Hellewell and James Munday and Robin Thompson and Sebastian Funk},
  year = {2020},
  note = {R package version 0.3.0},
}

@Manual{R-EpiNow2,
  title = {EpiNow2: Estimate Realtime Case Counts and Time-varying Epidemiological
Parameters},
  author = {{Sam Abbott} and Joel Hellewell and James Munday and Robin Thompson and Sebastian Funk},
  year = {2020},
  note = {R package version 0.3.0},
}

@Manual{R-EpiSoon,
  title = {EpiSoon: Forecast Cases Using Reproduction Numbers},
  author = {{Sam Abbott} and Nikos Bosse and Joel Hellewell and Katharine Sherratt and James Munday and Robin Thompson and Aurelien Chateigner and Sylvain Mareschal and Andrea Rau and Nathalie Vialaneix and Michael DeWitt and Sebastian Funk},
  year = {2020},
  note = {R package version 0.3.0},
}

@Manual{R-forecastHybrid,
  title = {forecastHybrid: Convenient Functions for Ensemble Time Series Forecasts},
  author = {David Shaub and Peter Ellis},
  year = {2020},
  note = {R package version 5.0.18},
  url = {https://CRAN.R-project.org/package=forecastHybrid},
}

@Manual{R-kableExtra,
  title = {kableExtra: Construct Complex Table with 'kable' and Pipe Syntax},
  author = {Hao Zhu},
  year = {2019},
  note = {R package version 1.1.0},
  url = {https://CRAN.R-project.org/package=kableExtra},
}

@Manual{R-knitr,
  title = {knitr: A General-Purpose Package for Dynamic Report Generation in R},
  author = {Yihui Xie},
  year = {2020},
  note = {R package version 1.29},
  url = {https://CRAN.R-project.org/package=knitr},
}

@Manual{R-lme4,
  title = {lme4: Linear Mixed-Effects Models using 'Eigen' and S4},
  author = {Douglas Bates and Martin Maechler and Ben Bolker and Steven Walker},
  year = {2020},
  note = {R package version 1.1-23},
  url = {https://CRAN.R-project.org/package=lme4},
}

@Manual{R-lmerTest,
  title = {lmerTest: Tests in Linear Mixed Effects Models},
  author = {Alexandra Kuznetsova and Per {Bruun Brockhoff} and Rune {Haubo Bojesen Christensen}},
  year = {2020},
  note = {R package version 3.1-2},
  url = {https://CRAN.R-project.org/package=lmerTest},
}

@Manual{R-magrittr,
  title = {magrittr: A Forward-Pipe Operator for R},
  author = {Stefan Milton Bache and Hadley Wickham},
  year = {2014},
  note = {R package version 1.5},
  url = {https://CRAN.R-project.org/package=magrittr},
}

@Manual{R-Matrix,
  title = {Matrix: Sparse and Dense Matrix Classes and Methods},
  author = {Douglas Bates and Martin Maechler},
  year = {2019},
  note = {R package version 1.2-18},
  url = {https://CRAN.R-project.org/package=Matrix},
}

@Manual{R-nloptr,
  title = {nloptr: R Interface to NLopt},
  author = {Jelmer Ypma and Steven G. Johnson},
  year = {2020},
  note = {R package version 1.2.2.2},
  url = {https://CRAN.R-project.org/package=nloptr},
}

@Manual{R-quantgen,
  title = {quantgen: Tools for generalized quantile modeling},
  author = {Ryan Tibshirani},
  year = {2020},
  note = {R package version 1.0.0},
}

@Manual{R-rmarkdown,
  title = {rmarkdown: Dynamic Documents for R},
  author = {JJ Allaire and Yihui Xie and Jonathan McPherson and Javier Luraschi and Kevin Ushey and Aron Atkins and Hadley Wickham and Joe Cheng and Winston Chang and Richard Iannone},
  year = {2020},
  note = {R package version 2.3},
  url = {https://CRAN.R-project.org/package=rmarkdown},
}

@Manual{R-rstan,
  title = {rstan: R Interface to Stan},
  author = {Jiqiang Guo and Jonah Gabry and Ben Goodrich},
  year = {2020},
  note = {R package version 2.19.3},
  url = {https://CRAN.R-project.org/package=rstan},
}

@Manual{R-scoringutils,
  title = {scoringutils: Utilities for Scoring and Assessing Predictions},
  author = {Nikos Bosse and {Sam Abbott} and Sebastian Funk},
  note = {R package version 0.1.2},
  url = {https://github.com/epiforecasts/scoringutils},
  year = {2020},
}

@Manual{R-stackr,
  title = {stackr: Create Mixture Models From Predictive Samples},
  author = {Nikos Bosse and Yuling Yao and Sam Abbott and Sebastian Funk},
  note = {R package version 0.1.0},
  year = {2020},
}

@Book{bookdown2016,
  title = {bookdown: Authoring Books and Technical Documents with {R} Markdown},
  author = {Yihui Xie},
  publisher = {Chapman and Hall/CRC},
  address = {Boca Raton, Florida},
  year = {2016},
  note = {ISBN 978-1138700109},
  url = {https://github.com/rstudio/bookdown},
}

@Book{knitr2015,
  title = {Dynamic Documents with {R} and knitr},
  author = {Yihui Xie},
  publisher = {Chapman and Hall/CRC},
  address = {Boca Raton, Florida},
  year = {2015},
  edition = {2nd},
  note = {ISBN 978-1498716963},
  url = {https://yihui.org/knitr/},
}

@InCollection{knitr2014,
  booktitle = {Implementing Reproducible Computational Research},
  editor = {Victoria Stodden and Friedrich Leisch and Roger D. Peng},
  title = {knitr: A Comprehensive Tool for Reproducible Research in {R}},
  author = {Yihui Xie},
  publisher = {Chapman and Hall/CRC},
  year = {2014},
  note = {ISBN 978-1466561595},
  url = {http://www.crcpress.com/product/isbn/9781466561595},
}

@Article{lme42015,
  title = {Fitting Linear Mixed-Effects Models Using {lme4}},
  author = {Douglas Bates and Martin M{\"a}chler and Ben Bolker and Steve Walker},
  journal = {Journal of Statistical Software},
  year = {2015},
  volume = {67},
  number = {1},
  pages = {1--48},
  doi = {10.18637/jss.v067.i01},
}

@Article{lmerTest2017,
  title = {{lmerTest} Package: Tests in Linear Mixed Effects Models},
  author = {Alexandra Kuznetsova and Per B. Brockhoff and Rune H. B. Christensen},
  journal = {Journal of Statistical Software},
  year = {2017},
  volume = {82},
  number = {13},
  pages = {1--26},
  doi = {10.18637/jss.v082.i13},
}

@Article{nloptr?,
  title = {The NLopt nonlinear-optimization package},
  author = {Steven G. Johnson},
  year = {?},
  journal = {?},
  volume = {?},
  number = {?},
  pages = {?},
}

@Book{rmarkdown2018,
  title = {R Markdown: The Definitive Guide},
  author = {Yihui Xie and J.J. Allaire and Garrett Grolemund},
  publisher = {Chapman and Hall/CRC},
  address = {Boca Raton, Florida},
  year = {2018},
  note = {ISBN 9781138359338},
  url = {https://bookdown.org/yihui/rmarkdown},
}

